@article {BigWipro1,
    title = {{Big Data Visualization using Apache Spark and Zeppelin }},
     author = {Prajod Vettiyattil, Software Architect, Wipro},
      year={2015},
      month={4},
      url={https://www.slideshare.net/prajods/big-data-visualization-with-apache-spark-and-zeppelin}
}
@inproceedings{Ali2013VisualizationHomes,
    title = {{Visualization methodology of power consumption in homes}},
    year = {2013},
    booktitle = {ICOSST 2013 - 2013 International Conference on Open Source Systems and Technologies, Proceedings},
    author = {Ali, Safdar and Kim, Dohyeun},
    isbn = {9781479920464},
    doi = {10.1109/ICOSST.2013.6720606},
    keywords = {Visualization, power consumption in home, web-based application}
    }
@article{Katzeff2013ExploringConsumption,
    title = {{Exploring Sustainable Practices in Workplace Settings through Visualizing Electricity Consumption}},
    year = {2013},
    journal = {ACM Transactions on Computer-Human Interaction},
    author = {Katzeff, Cecilia and Broms, Loove and J{\"{o}}nsson, Li and Westholm, Ulrika and Raasaanen, Minna},
    isbn = {1073-0516},
    doi = {10.1145/2501526}
}

@misc{zep,
url={https://zeppelin.apache.org/},
year= {2017},
month={11}
}

@article{DubyREPRODUCIBLENOTEBOOK1,
    title = {{REPRODUCIBLE RESEARCH AT SCALE WITH APACHE SPARK AND ZEPPELIN NOTEBOOK}},
    year={2017},
    author = {Duby, Carolyn}
}



@report{datasamling,
    title = {{Data Samling}},
    year = {2017},
    author = {Nicklas Ejberg Storm Jensen - s135274,Abdirazak Mohamud Yusuf - S130599,Hakan Yurdakul Pedersen - S133835},
       keywords = {Ngix, asp.Net,Zeppelin,MYSQL}
}

@article{EnergyIndustries1,
    title = {{Energy Policy Toolkit on Energy Efficiency in Industries Experiences from Denmark}},
author={Danish Energy agency},
year={2015},
isbn={978-87-93180-07-9}

}


